
@article{kiss1999novel,
  title = {A novel gene containing {{LIM}} domains ({{LIMD1}}) is located within the common eliminated region 1 ({{C3CER1}}) in 3p21. 3},
  volume = {105},
  number = {6},
  journal = {Human genetics},
  author = {Kiss, Hajnalka and Kedra, Darek and Yang, Ying and Kost-Alimova, Maria and Kiss, Csaba and O'Brien, Kevin P and Fransson, Ingegerd and Klein, George and Imreh, Stephan and Dumanski, Jan P},
  year = {1999},
  pages = {552--559}
}

@article{kedra1996characterization,
  title = {Characterization of a second human clathrin heavy chain polypeptide gene ({{CLH}}-22) from chromosome 22q11},
  volume = {5},
  number = {5},
  journal = {Human molecular genetics},
  author = {Kedra, Darek and Peyrard, Myriam and Fransson, Ingegerd and Collins, John E and Dunham, Ian and Roe, Bruce A and Dumanski, Jan P},
  year = {1996},
  pages = {625--631}
}

@article{seroussi1998characterization,
  title = {Characterization of the human {{NIPSNAP1}} gene from 22q12: a member of a novel gene family},
  volume = {212},
  number = {1},
  journal = Gene,
  author = {Seroussi, Eyal and Pan, Hua-Qin and Kedra, Darek and Roe, Bruce A and Dumanski, Jan P},
  year = {1998},
  pages = {13--20}
}

@article{o2000characterization,
  title = {Characterization of five novel human genes in the 11q13-q22 region},
  volume = {273},
  number = {1},
  journal = {Biochemical and biophysical research communications},
  author = {O'Brien, Kevin P and Tapia-P{\'a}ez, Isabel and St\aa{}hle-B{\"a}ckdahl, Mona and Kedra, Darek and Dumanski, Jan P},
  year = {2000},
  pages = {90--94}
}

@article{kedra1997germinal,
  title = {The germinal center kinase gene and a novel {{CDC25}}-like gene are located in the vicinity of the {{PYGM}} gene on 11q13},
  volume = {100},
  number = {5-6},
  journal = {Human genetics},
  author = {Kedra, Darek and Seroussi, Eyal and Fransson, Ingegerd and Trifunovic, Jasmina and Clark, Melody and Lagercrantz, Jacob and Blennow, Elisabeth and Mehlin, Hans and Dumanski, Jan},
  year = {1997},
  pages = {611--619}
}

@article{kiss2001lztfl1,
  title = {The {{LZTFL1}} gene is a part of a transcriptional map covering 250 kb within the common eliminated region 1 ({{C3CER1}}) in 3p21. 3},
  volume = {73},
  number = {1},
  journal = Genomics,
  author = {Kiss, Hajnalka and Kedra, Darek and Kiss, Csaba and Kost-Alimova, Maria and Yang, Ying and Klein, George and Imreh, Stephan and Dumanski, Jan P},
  year = {2001},
  pages = {10--19}
}

@article{grigelioniene2000mutations,
  title = {Mutations in short stature homeobox containing gene ({{SHOX}}) in dyschondrosteosis but not in hypochondroplasia},
  volume = {107},
  number = {2},
  journal = {Human genetics},
  author = {Grigelioniene, Giedre and Ekl{\"o}f, Ole and Ivarsson, Sten Anders and Westphal, Otto and Neumeyer, Lo and Kedra, Darek and Dumanski, Jan and Hagen{\"a}s, Lars},
  year = {2000},
  pages = {145--149}
}

@article{bruder1999mouse,
  title = {The {{Mouse Ortholog}} of the {{HumanSMARCB1Gene Encodes Two Splice Forms}}},
  volume = {257},
  number = {3},
  journal = {Biochemical and biophysical research communications},
  author = {Bruder, Carl EG and Dumanski, Jan P and Kedra, Darek},
  year = {1999},
  pages = {886--890}
}

@article{peyrard1996structure,
  title = {Structure of the {{Promoter}} and {{Genomic Organization}} of the {{Human}} \ensuremath{\beta{}{'}}-{{Adaptin Gene}} ({{BAM22}}) from {{Chromosome}} 22q12},
  volume = {36},
  number = {1},
  journal = Genomics,
  author = {Peyrard, Myriam and Pan, Hua-Qin and Kedra, Darek and Fransson, Ingegerd and Swahn, Sofie and Hartman, Karen and Clifton, Sandra W and Roe, Bruce A and Dumanski, Jan P},
  year = {1996},
  pages = {112--117}
}

@article{betz1999genomic,
  title = {Genomic structure, 5\ensuremath{'} flanking sequences, and precise localization in {{1P31}}. 1 of the human prostaglandin {{F}} receptor gene},
  volume = {254},
  number = {2},
  journal = {Biochemical and biophysical research communications},
  author = {Betz, Regina and Lagercrantz, Jacob and Kedra, Darek and Dumanski, Jan P and Nordenskj{\"o}ld, Agneta},
  year = {1999},
  pages = {413--416}
}

@article{seroussi1999duplications,
  title = {Duplications on human chromosome 22 reveal a novel {{Ret Finger Protein}}-like gene family with sense and endogenous antisense transcripts},
  volume = {9},
  number = {9},
  journal = {Genome research},
  author = {Seroussi, Eyal and Kedra, Darek and Pan, Hua-Qin and Peyrard, Myriam and Schwartz, Charles and Scambler, Peter and Donnai, Dian and Roe, Bruce A and Dumanski, Jan P},
  year = {1999},
  pages = {803--814}
}

@article{seroussi2002shiftdetector,
  title = {{{ShiftDetector}}: detection of shift mutations},
  volume = {18},
  number = {8},
  journal = Bioinformatics,
  author = {Seroussi, Eyal and Ron, Micha and Kedra, Darek},
  year = {2002},
  pages = {1137--1138}
}

@article{lagercrantz1996sequence,
  title = {Sequence and expression of the mouse homologue to human phospholipase {{C}} \ensuremath{\beta}3 neighboring gene},
  volume = {223},
  number = {2},
  journal = {Biochemical and biophysical research communications},
  author = {Lagercrantz, Jacob and Kedra, Darek and Carson, Emma and Nordenskj{\"o}ld, Magnus and Dumanski, Jan P and Weber, G{\"u}nther and Piehl, Fredrik},
  year = {1996},
  pages = {335--340}
}

@article{brzozowski1997role,
  title = {Role ofl-arginine, a substrate for nitric oxide-synthase, in gastroprotection and ulcer healing},
  volume = {32},
  number = {4},
  journal = {Journal of gastroenterology},
  author = {Brzozowski, Tomasz and Konturek, Stanislaw J and Sliwowski, Zbigniew and Drozdowicz, Danuta and Zaczek, Marcin and Kedra, Dariusz},
  year = {1997},
  pages = {442--452}
}

@article{szot1992fine,
  title = {Fine needle aspiration cytology combined with argyrophilic nucleolar organizer regions ({{AgNORs}}) in diagnosis of thyroid neoplasms.},
  volume = {44},
  number = {4},
  journal = {Endokrynologia Polska},
  author = {Szot, W and Szybi{\'n}ski, Z and Zaczek, M and Kedra, D and Dabro{\'s}, E and Piotrowska, K and Ch\l{}ap, Z},
  year = {1992},
  pages = {413--426}
}

@article{szot1993morphometric,
  title = {Morphometric measurements of the nuclear area in proliferative thyroid lesions.},
  volume = {45},
  number = {1},
  journal = {Polish journal of pathology: official journal of the Polish Society of Pathologists},
  author = {Szot, W and Zaczek, M and Nowak, K and Kedra, D and Ch\l{}ap, Z and Szybi{\'n}ski, Z},
  year = {1993},
  pages = {29--33}
}

@article{zaczek1993use,
  title = {The use of computer-aided image analysis in the evaluation of epithelial nuclear area in the digestive tract of rats.},
  volume = {45},
  number = {3},
  journal = {Polish journal of pathology: official journal of the Polish Society of Pathologists},
  author = {Zaczek, M and Kedra, D},
  year = {1993},
  pages = {209--211}
}

@article{zaczek1993computer,
  title = {Computer-aided analysis of the nuclear area in proliferative lesions of the colonic and bronchial epithelium.},
  volume = {45},
  number = {4},
  journal = {Polish journal of pathology: official journal of the Polish Society of Pathologists},
  author = {Zaczek, M and Kedra, D and Nowak, K and Ch\l{}ap, Z},
  year = {1993},
  pages = {303--307}
}

@article{fournier2008protein,
  title = {Protein identification and quantification by two-dimensional infrared spectroscopy: {{Implications}} for an all-optical proteomic platform},
  volume = {105},
  number = {40},
  journal = {Proceedings of the National Academy of Sciences},
  author = {Fournier, Fr{\'e}d{\'e}ric and Gardner, Elizabeth M and Kedra, Darek A and Donaldson, Paul M and Guo, Rui and Butcher, Sarah A and Gould, Ian R and Willison, Keith R and Klug, David R},
  year = {2008},
  pages = {15352--15357}
}

@article{vlasova_genome_2016,
  title = {Genome and transcriptome analysis of the {{Mesoamerican}} common bean and the role of gene duplications in establishing tissue and temporal specialization of genes},
  volume = {17},
  issn = {1474-760X},
  number = {1},
  journal = {Genome Biology},
  author = {Vlasova, Anna and Capella-Guti{\'e}rrez, Salvador and Rend{\'o}n-Anaya, Martha and Hern{\'a}ndez-O{\~n}ate, Miguel and Minoche, Andr{\'e} E. and Erb, Ionas and C{\^a}mara, Francisco and Prieto-Barja, Pablo and Corvelo, Andr{\'e} and Sanseverino, Walter and Westergaard, Gast{\'o}n and Dohm, Juliane C. and Pappas, Georgios J. and Saburido-Alvarez, Soledad and Kedra, Darek and Gonzalez, Irene and Cozzuto, Luca and G{\'o}mez-Garrido, Jessica and Aguilar-Mor{\'o}n, Mar{\'\i}a A. and Andreu, Nuria and Aguilar, O. Mario and Garcia-Mas, Jordi and Zehnsdorf, Maik and V{\'a}zquez, Mart{\'\i}n P. and Delgado-Salinas, Alfonso and Delaye, Luis and Lowy, Ernesto and Mentaberry, Alejandro and Vianello-Brondani, Rosana P. and Garc{\'\i}a, Jos{\'e} Lu{\'\i}s and Alioto, Tyler and S{\'a}nchez, Federico and Himmelbauer, Heinz and Santalla, Marta and Notredame, Cedric and Gabald{\'o}n, Toni and Herrera-Estrella, Alfredo and Guig{\'o}, Roderic},
  year = {2016},
  pages = {1--18}
}

@article{schmid_third_2015,
  title = {Third {{Report}} on {{Chicken Genes}} and {{Chromosomes}} 2015},
  volume = {145},
  issn = {1424-8581},
  number = {2},
  journal = {Cytogenetic and Genome Research},
  author = {Schmid, M. and Smith, J. and Burt, D.W. and Aken, B.L. and Antin, P.B. and Archibald, A.L. and Ashwell, C. and Blackshear, P.J. and Boschiero, C. and Brown, C.T. and Burgess, S.C. and Cheng, H.H. and Chow, W. and Coble, D.J. and Cooksey, A. and Crooijmans, R.P.M.A. and Damas, J. and Davis, R.V.N. and {de Koning}, D.-J. and Delany, M.E. and Derrien, T. and Desta, T.T. and Dunn, I.C. and Dunn, M. and Ellegren, H. and E{\"o}ry, L. and Erb, I. and Farr{\'e}, M. and Fasold, M. and Fleming, D. and Flicek, P. and Fowler, K.E. and Fr{\'e}sard, L. and Froman, D.P. and Garceau, V. and Gardner, P.P. and Gheyas, A.A. and Griffin, D.K. and Groenen, M.A.M. and Haaf, T. and Hanotte, O. and Hart, A. and H{\"a}sler, J. and Hedges, S.B. and Hertel, J. and Howe, K. and Hubbard, A. and Hume, D.A. and Kaiser, P. and Kedra, D. and Kemp, S.J. and Klopp, C. and Kniel, K.E. and Kuo, R. and Lagarrigue, S. and Lamont, S.J. and Larkin, D.M. and Lawal, R.A. and Markland, S.M. and McCarthy, F. and McCormack, H.A. and McPherson, M.C. and Motegi, A. and Muljo, S.A. and M{\"u}nsterberg, A. and Nag, R. and Nanda, I. and Neuberger, M. and Nitsche, A. and Notredame, C. and Noyes, H. and O'Connor, R. and O'Hare, E.A. and Oler, A.J. and Ommeh, S.C. and Pais, H. and Persia, M. and Pitel, F. and Preeyanon, L. and {Prieto Barja}, P. and Pritchett, E.M. and Rhoads, D.D. and Robinson, C.M. and Romanov, M.N. and Rothschild, M. and Roux, P.-F. and Schmidt, C.J. and Schneider, A.-S. and Schwartz, M.G. and Searle, S.M. and Skinner, M.A. and Smith, C.A. and Stadler, P.F. and Steeves, T.E. and Steinlein, C. and Sun, L. and Takata, M. and Ulitsky, I. and Wang, Q. and Wang, Y. and Warren, W.C. and Wood, J.M.D. and Wragg, D. and Zhou, H.},
  year = {2015},
  pages = {78--179}
}

@article{simon_deregulation_1997,
  title = {Deregulation of the platelet-derived growth factor [beta]-chain gene via fusion with collagen gene {{COL1A1}} in dermatof ibrosarcoma protuberans and giant-cell fibroblastoma},
  volume = {15},
  number = {1},
  journal = {Nat Genet},
  author = {Simon, Marie-Pierre and Pedeutour, Florence and Sirvent, Nicolas and Grosgeorge, Josiane and Minoletti, Fabiola and Coindre, Jean-Michel and Terrier-Lacombe, Marie-Jose and Mandahl, Nils and Craver, Randall and Blin, Nikolaus and Sozzi, Gabriella and Turc-Carel, Claude and O'Brien, Kevin P. and Kedra, Darek and Fransson, Ingegerd and Guilbaud, Cecile and Dumanski, Jan P.},
  month = jan,
  year = {1997},
  pages = {95--98}
}

@article{kanayama_association_2001,
  title = {Association of a novel constitutional translocation t(1q;3q) with familial renal cell carcinoma},
  volume = {38},
  issn = {0022-2593},
  number = {3},
  journal = {Journal of Medical Genetics},
  author = {Kanayama, H and Lui, W and Takahashi, M and Naroda, T and Kedra, D and Wong, F K and Kuroki, Y and Nakahori, Y and Larsson, C and Kagawa, S and Teh, B T},
  month = mar,
  year = {2001},
  pages = {165--170}
}

@article{kedra_characterization_????,
  title = {Characterization of the human synaptogyrin gene family},
  volume = {103},
  issn = {1432-1203},
  number = {2},
  journal = {Human Genetics},
  author = {Kedra, Darek and Pan, Hua-Qin and Seroussi, Eyal and Fransson, Ingegerd and Guilbaud, Cecile and Collins, E. John and Dunham, Ian and Blennow, Elisabeth and Roe, A. Bruce and Piehl, Fredrik and Dumanski, P. J.},
  year = {1998},
  pages = {131--141}
}

@article{dunham_dna_1999,
  title = {The {{DNA}} sequence of human chromosome 22},
  volume = {402},
  issn = {0028-0836},
  number = {6761},
  journal = Nature,
  author = {Dunham, I. and Hunt, A. R. and Collins, J. E. and Bruskiewich, R. and Beare, D. M. and Clamp, M. and Smink, L. J. and Ainscough, R. and Almeida, J. P. and Babbage, A. and Bagguley, C. and Bailey, J. and Barlow, K. and Bates, K. N. and Beasley, O. and Bird, C. P. and Blakey, S. and Bridgeman, A. M. and Buck, D. and Burgess, J. and Burrill, W. D. and Burton, J. and Carder, C. and Carter, N. P. and Chen, Y. and Clark, G. and Clegg, S. M. and Cobley, V. and Cole, C. G. and Collier, R. E. and Connor, R. E. and Conroy, D. and Corby, N. and Coville, G. J. and Cox, A. V. and Davis, J. and Dawson, E. and Dhami, P. D. and Dockree, C. and Dodsworth, S. J. and Durbin, R. M. and Ellington, A. and Evans, K. L. and Fey, J. M. and Fleming, K. and French, L. and Garner, A. A. and Gilbert, J. G. R. and Goward, M. E. and Grafham, D. and Griffiths, M. N. and Hall, C. and Hall, R. and Hall-Tamlyn, G. and Heathcott, R. W. and Ho, S. and Holmes, S. and Hunt, S. E. and Jones, M. C. and Kershaw, J. and Kimberley, A. and King, A. and Laird, G. K. and Langford, C. F. and Leversha, M. A. and Lloyd, C. and Lloyd, D. M. and Martyn, I. D. and Mashreghi-Mohammadi, M. and Matthews, L. and McCann, O. T. and McClay, J. and McLaren, S. and McMurray, A. A. and Milne, S. A. and Mortimore, B. J. and Odell, C. N. and Pavitt, R. and Pearce, A. V. and Pearson, D. and Phillimore, B. J. and Phillips, S. H. and Plumb, R. W. and Ramsay, H. and Ramsey, Y. and Rogers, L. and Ross, M. T. and Scott, C. E. and Sehra, H. K. and Skuce, C. D. and Smalley, S. and Smith, M. L. and Soderlund, C. and Spragon, L. and Steward, C. A. and Sulston, J. E. and Swann, R. M. and Vaudin, M. and Wall, M. and Wallis, J. M. and Whiteley, M. N. and Willey, D. and Williams, L. and Williams, S. and Williamson, H. and Wilmer, T. E. and Wilming, L. and Wright, C. L. and Hubbard, T. and Bentley, D. R. and Beck, S. and Rogers, J. and Shimizu, N. and Minoshima, S. and Kawasaki, K. and Sasaki, T. and Asakawa, S. and Kudoh, J. and Shintani, A. and Shibuya, K. and Yoshizaki, Y. and Aoki, N. and Mitsuyama, S. and Roe, B. A. and Chen, F. and Chu, L. and Crabtree, J. and Deschamps, S. and Do, A. and Do, T. and Dorman, A. and Fang, F. and Fu, Y. and Hu, P. and Hua, A. and Kenton, S. and Lai, H. and Lao, H. I. and Lewis, J. and Lewis, S. and Lin, S.-P. and Loh, P. and Malaj, E. and Nguyen, T. and Pan, H. and Phan, S. and Qi, S. and Qian, Y. and Ray, L. and Ren, Q. and Shaull, S. and Sloan, D. and Song, L. and Wang, Q. and Wang, Y. and Wang, Z. and White, J. and Willingham, D. and Wu, H. and Yao, Z. and Zhan, M. and Zhang, G. and Chissoe, S. and Murray, J. and Miller, N. and Minx, P. and Fulton, R. and Johnson, D. and Bemis, G. and Bentley, D. and Bradshaw, H. and Bourne, S. and Cordes, M. and Du, Z. and Fulton, L. and Goela, D. and Graves, T. and Hawkins, J. and Hinds, K. and Kemp, K. and Latreille, P. and Layman, D. and Ozersky, P. and Rohlfing, T. and Scheet, P. and Walker, C. and Wamsley, A. and Wohldmann, P. and Pepin, K. and Nelson, J. and Korf, I. and Bedell, J. A. and Hillier, L. and Mardis, E. and Waterston, R. and Wilson, R. and Emanuel, B. S. and Shaikh, T. and Kurahashi, H. and Saitta, S. and Budarf, M. L. and McDermid, H. E. and Johnson, A. and Wong, A. C. C. and Morrow, B. E. and Edelmann, L. and Kim, U. J. and Shizuya, H. and Simon, M. I. and Dumanski, J. P. and Peyrard, M. and Kedra, D. and Seroussi, E. and Fransson, I. and Tapia, I. and Bruder, C. E. and O'Brien, K. P.},
  month = dec,
  year = {1999},
  pages = {489--495}
}

@article{seroussi_tom1genes_1999,
  title = {{{TOM1Genes Map}} to {{Human Chromosome}} 22q13.1 and {{Mouse Chromosome 8C1}} and {{Encode Proteins Similar}} to the {{Endosomal Proteins HGS}} and {{STAM}}},
  volume = {57},
  issn = {0888-7543},
  number = {3},
  journal = Genomics,
  author = {Seroussi, Eyal and Kedra, Darek and Kost-Alimova, Maria and Sandberg-Nordqvist, Ann-Christin and Fransson, Ingegerd and Jacobs, Joannes F.M. and Fu, Ying and Pan, Hua-Qin and Roe, Bruce A. and Imreh, Stephan and Dumanski, Jan P.},
  month = may,
  year = {1999},
  pages = {380--388}
}

@article{yang_1-mb_1999,
  title = {A 1-{{Mb PAC Contig Spanning}} the {{Common Eliminated Region}} 1 ({{CER1}}) in {{Microcell Hybrid-Derived SCID Tumors}}},
  volume = {62},
  issn = {0888-7543},
  number = {2},
  journal = Genomics,
  author = {Yang, Ying and Kiss, Hajnalka and Kost-Alimova, Maria and Kedra, Darek and Fransson, Ingegerd and Seroussi, Eyal and Li, Jingfeng and Szeles, Anna and Kholodnyuk, Irina and Imreh, Marta P. and Fodor, Katalin and Hadlaczky, Gyula and Klein, George and Dumanski, Jan P. and Imreh, Stephan},
  month = dec,
  year = {1999},
  pages = {147--155}
}

@article{tapia-paez_fine_2000,
  title = {Fine mapping of the constitutional translocation t(11;22)(q23;q11)},
  volume = {106},
  issn = {1432-1203},
  number = {5},
  journal = {Human Genetics},
  author = {Tapia-P{\'a}ez, Isabel and O'Brien, P. Kevin and Kost-Alimova, Maria and Sahl{\'e}n, Sigrid and Kedra, Darek and Bruder, G. Carl E. and Andersson, Bj{\"o}rn and Roe, A. Bruce and Hu, Ping and Imreh, Stephan and Blennow, Elisabeth and Dumanski, P. Jan},
  year = {2000},
  pages = {506--516}
}

@article{simon_new_1997,
  title = {A new type of specific gene fusion generated by the t(17;22) associated to dermatofibrosarcoma protuberans and giant cell fibroblastoma.},
  volume = {108},
  number = {5},
  journal = {Journal of Investigative Dermatology},
  author = {Simon, M.P. and Pedeutour, F. and Sirvent, N. and Grosgeorge, J. and Minoletti, F. and Coindre, J.M. and Terrier-Lacombe, M-J and Mandahl, N. and Craver, R.D. and Blin, N. and Sozzi, G. and Turc-Carel, C. and O'Brien, K.P. and Kedra, D. and Fransson, I. and Guilbaud, C. and Dumanski, J.P.},
  year = {1997},
  pages = {820}
}


